@article{Sp√§rckJones20071449,
title = "Automatic summarising: The state of the art ",
journal = "Information Processing & Management ",
volume = "43",
number = "6",
pages = "1449 - 1481",
year = "2007",
note = "Text Summarization ",
issn = "0306-4573",
doi = "http://dx.doi.org/10.1016/j.ipm.2007.03.009",
url = "http://www.sciencedirect.com/science/article/pii/S0306457307000878",
author = "Karen Sp{\"a}rck Jones",
keywords = "Summarization",
keywords = "Evaluation",
keywords = "Sentence extraction",
keywords = "Abstraction natural language processing "
}


@article{nenkova2007pyramid,
  title={The pyramid method: Incorporating human content selection variation in summarization evaluation},
  author={Nenkova, Ani and Passonneau, Rebecca and McKeown, Kathleen},
  journal={ACM Transactions on Speech and Language Processing (TSLP)},
  volume={4},
  number={2},
  pages={4},
  year={2007},
  publisher={ACM}
}


@article{radev2001experiments,
  title={Experiments in single and multi-document summarization using MEAD},
  author={Radev, Dragomir R and Blair-Goldensohn, Sasha and Zhang, Zhu},
  journal={Ann Arbor},
  volume={1001},
  pages={48109},
  year={2001}
}